@book{GameDesign,
  title={Game Design und Produktion: Grundlagen, Anwendungen und Beispiele},
  author={Rehfeld, Gunther},
  year={2020},
  publisher={Carl Hanser Verlag GmbH Co KG}
}