@book{rehfeld,
  author = {Rehfeld, Michael},
  title = {Game Design und Produktion: Grundlagen, Anwendungen und Beispiele},
  year = {2020},
  publisher = {Carl Hanser Fachbuchverlag},
  address = {MÃ¼nchen},
}
